@phdthesis{long12,
    author={Andrew Long},
    title={The Electroweak Phase Transition: Corralling the Higgs with Colliders \& Cosmology},
    year={2012},
    month={July},
    school={University of Wisconsin Madison}
}

@misc{quiros99,
    author={Mariano Quiros},
    title={Finite Temperature Field Theory and Phase Transitions},
    year={1999},
    month={January},
    eprint={hep-ph/9901312v1}
}

@article{cw73,
  title = {Radiative Corrections as the Origin of Spontaneous Symmetry Breaking},
  author = {Coleman, Sidney and Weinberg, Erick},
  journal = {Phys. Rev. D},
  volume = {7},
  issue = {6},
  pages = {1888--1910},
  numpages = {0},
  year = {1973},
  month = {Mar},
  publisher = {American Physical Society},
  doi = {10.1103/PhysRevD.7.1888},
  url = {https://link.aps.org/doi/10.1103/PhysRevD.7.1888}
}

@article{gr93,
    title = "Thermal fluctuations and validity of the 1-loop effective potential",
    journal = "Physics Letters B",
    volume = "300",
    number = "3",
    pages = "271 - 277",
    year = "1993",
    issn = "0370-2693",
    doi = "https://doi.org/10.1016/0370-2693(93)90365-O",
    url = "http://www.sciencedirect.com/science/article/pii/037026939390365O",
    author = "Marcelo Gleiser and Rudnei O. Ramos",
}

@article{ah92,
  title = {Electroweak phase transition and baryogenesis},
  author = {Anderson, Greg W. and Hall, Lawrence J.},
  journal = {Phys. Rev. D},
  volume = {45},
  issue = {8},
  pages = {2685--2698},
  numpages = {0},
  year = {1992},
  month = {Apr},
  publisher = {American Physical Society},
  doi = {10.1103/PhysRevD.45.2685},
  url = {https://link.aps.org/doi/10.1103/PhysRevD.45.2685}
}

@article{dine92,
  title = {Towards the theory of the electroweak phase transition},
  author = {Dine, Michael and Leigh, Robert G. and Huet, Patrick and Linde, Andrei and Linde, Dmitri},
  journal = {Phys. Rev. D},
  volume = {46},
  issue = {2},
  pages = {550--571},
  numpages = {0},
  year = {1992},
  month = {Jul},
  publisher = {American Physical Society},
  doi = {10.1103/PhysRevD.46.550},
  url = {https://link.aps.org/doi/10.1103/PhysRevD.46.550}
}

@misc{linde05,
    title={Particle Physics and Inflationary Cosmology},
    author={Andrei Linde},
    year={2005},
    month={March},
    eprint={hep-th/0503203v1},
    archivePrefix={arXiv},
    primaryClass={hep-th},
}

@article{sher89,
    title = "Electroweak Higgs potential and vacuum stability",
    journal = "Physics Reports",
    volume = "179",
    number = "5",
    pages = "273 - 418",
    year = "1989",
    issn = "0370-1573",
    doi = "https://doi.org/10.1016/0370-1573(89)90061-6",
    url = "http://www.sciencedirect.com/science/article/pii/0370157389900616",
    author = "Marc Sher",
}

@article{dj74,
  title = {Symmetry behavior at finite temperature},
  author = {Dolan, L. and Jackiw, R.},
  journal = {Phys. Rev. D},
  volume = {9},
  issue = {12},
  pages = {3320--3341},
  numpages = {0},
  year = {1974},
  month = {Jun},
  publisher = {American Physical Society},
  doi = {10.1103/PhysRevD.9.3320},
  url = {https://link.aps.org/doi/10.1103/PhysRevD.9.3320}
}

@mastersthesis{yang11,
    title={An Introduction to Thermal Field Theory},
    author={Yuhao Yang},
    year={2011},
    month={September},
    school={Imperial College London}
}

@article{cmr18,
    author="Curtin, David
    and Meade, Patrick
    and Ramani, Harikrishnan",
    title="Thermal resummation and phase transitions",
    journal="The European Physical Journal C",
    year="2018",
    month="Sep",
    day="27",
    volume="78",
    number="9",
    pages="787",
    issn="1434-6052",
    doi="10.1140/epjc/s10052-018-6268-0",
    url="https://doi.org/10.1140/epjc/s10052-018-6268-0"
}

@article{kp14,
    author="Katz, Andrey
    and Perelstein, Maxim",
    title="Higgs couplings and electroweak phase transition",
    journal="Journal of High Energy Physics",
    year="2014",
    month="Jul",
    day="23",
    volume="2014",
    number="7",
    pages="108",
    issn="1029-8479",
    doi="10.1007/JHEP07(2014)108",
    url="https://doi.org/10.1007/JHEP07(2014)108"
}

@misc{radzihovsky17,
    author={Leo Radzihovsky},
    title={Physics 7240: Advanced Statistical Mechanics, Lecture 1: Introduction and Overview},
    year={2017},
    month={May},
    url={https://physicscourses.colorado.edu/phys7240/phys7240_fa19/LectureNotesPhys7240F2019web/LectureSet1Overview7240F2019.pdf}
}

@article{pdg2018,
  title = {Review of Particle Physics},
  author = {Tanabashi, M. and others},
  collaboration = {Particle Data Group},
  journal = {Phys. Rev. D},
  volume = {98},
  issue = {3},
  pages = {030001},
  numpages = {1898},
  year = {2018},
  month = {Aug},
  publisher = {American Physical Society},
  doi = {10.1103/PhysRevD.98.030001},
  url = {https://link.aps.org/doi/10.1103/PhysRevD.98.030001}
}